<record><leader>00000cas a22000007a 4500</leader><controlfield tag="001">15287293</controlfield><controlfield tag="008">870309d19001968inuwr ne      0    0eng d</controlfield><datafield ind1=" " ind2=" " tag="010"><subfield code="a">sn 87055437 </subfield></datafield><datafield ind1=" " ind2=" " tag="040"><subfield code="a">NPI</subfield><subfield code="b">eng</subfield><subfield code="c">NPI</subfield><subfield code="d">OCLCQ</subfield><subfield code="d">IUL</subfield><subfield code="d">OCLCF</subfield></datafield><datafield ind1=" " ind2=" " tag="042"><subfield code="a">msc</subfield></datafield><datafield ind1=" " ind2=" " tag="043"><subfield code="a">n-us-in</subfield></datafield><datafield ind1="0" ind2=" " tag="130"><subfield code="a">Wingate news (Wingate, Ind.)</subfield></datafield><datafield ind1="1" ind2="4" tag="245"><subfield code="a">The Wingate news.</subfield></datafield><datafield ind1=" " ind2=" " tag="260"><subfield code="a">Wingate, Ind. :</subfield><subfield code="b">Mildred Cheek,</subfield><subfield code="c">-1968.</subfield></datafield><datafield ind1=" " ind2=" " tag="300"><subfield code="a">volumes</subfield></datafield><datafield ind1=" " ind2=" " tag="310"><subfield code="a">Weekly</subfield></datafield><datafield ind1="1" ind2=" " tag="362"><subfield code="a">Began with Feb. 18, 1900 issue.</subfield></datafield><datafield ind1="0" ind2=" " tag="362"><subfield code="a">-v. 63, no. 8 (Feb. 23, 1968).</subfield></datafield><datafield ind1=" " ind2=" " tag="500"><subfield code="a">Contents identical with: Tri-county news (Waveland, Ind.), and: The Waynetown despatch, &lt;Sept. 15, 1966&gt;-Feb. 23, 1968.</subfield></datafield><datafield ind1=" " ind2=" " tag="588"><subfield code="a">Description based on: Vol. 37, no. 12 (Mar. 24, 1938).</subfield></datafield><datafield ind1=" " ind2="0" tag="651"><subfield code="a">Wingate (Ind.)</subfield><subfield code="v">Newspapers.</subfield></datafield><datafield ind1=" " ind2="0" tag="651"><subfield code="a">Montgomery County (Ind.)</subfield><subfield code="v">Newspapers.</subfield></datafield><datafield ind1=" " ind2="7" tag="651"><subfield code="a">Indiana</subfield><subfield code="z">Montgomery County.</subfield><subfield code="2">fast</subfield><subfield code="0">(OCoLC)fst01208888</subfield></datafield><datafield ind1=" " ind2="7" tag="651"><subfield code="a">Indiana</subfield><subfield code="z">Wingate.</subfield><subfield code="2">fast</subfield><subfield code="0">(OCoLC)fst01257016</subfield></datafield><datafield ind1=" " ind2="7" tag="655"><subfield code="a">Newspapers.</subfield><subfield code="2">fast</subfield><subfield code="0">(OCoLC)fst01423814</subfield></datafield><datafield ind1=" " ind2=" " tag="752"><subfield code="a">United States</subfield><subfield code="b">Indiana</subfield><subfield code="c">Montgomery</subfield><subfield code="d">Wingate.</subfield></datafield><datafield ind1="0" ind2=" " tag="787"><subfield code="t">Waynetown despatch</subfield><subfield code="w">(DLC)sn 87055436</subfield><subfield code="w">(OCoLC)15279444</subfield></datafield><datafield ind1="0" ind2=" " tag="787"><subfield code="t">Tri-county news (Waveland, Ind.)</subfield><subfield code="w">(DLC)sn 87055440</subfield><subfield code="w">(OCoLC)15279332</subfield></datafield></record>